@inproceedings{leis2018leanstore,
  title={Leanstore: In-memory data management beyond main memory},
  author={Leis, Viktor and Haubenschild, Michael and Kemper, Alfons and Neumann, Thomas},
  booktitle={2018 IEEE 34th International Conference on Data Engineering (ICDE)},
  pages={185--196},
  year={2018},
  organization={IEEE}
}
@article{leis2024leanstore,
  title={LeanStore: A High-Performance Storage Engine for NVMe SSDs},
  author={Leis, Viktor},
  journal={Proceedings of the VLDB Endowment},
  volume={17},
  number={12},
  pages={4536--4545},
  year={2024},
  publisher={VLDB Endowment}
}
@article{haas2023modern,
  title={What Modern NVMe Storage Can Do, And How To Exploit It: High-Performance I/O for High-Performance Storage Engines},
  author={Haas, Gabriel and Leis, Viktor},
  journal={Proceedings of the VLDB Endowment},
  volume={16},
  number={9},
  pages={2090--2102},
  year={2023},
  publisher={VLDB Endowment}
}
@inproceedings{bayer1970organization,
  title={Organization and Maintenance of Large Ordered Indices},
  author={Bayer, Rudolf and McCreight, Edward},
  booktitle={Proceedings of the 1970 ACM SIGFIDET (Now SIGMOD) Workshop on Data Description, Access and Control},
  pages={107--141},
  year={1970}
}
@article{muller2025b,
  title={B-Trees Are Back: Engineering Fast and Pageable Node Layouts},
  author={MÃ¼ller, Marcus and Benson, Lawrence and Leis, Viktor},
  journal={Proceedings of the ACM on Management of Data},
  volume={3},
  number={1},
  pages={1--26},
  year={2025},
  publisher={ACM New York, NY, USA}
}
@article{oneil1996log,
  title={The Log-Structured Merge-Tree (LSM-Tree)},
  author={O'Neil, Patrick and Cheng, Edward and Gawlick, Dieter and O'Neil, Elizabeth},
  journal={Acta informatica},
  volume={33},
  number={4},
  pages={351--385},
  year={1996},
  publisher={Springer}
}
@online{mdbs2024slides,
  author    = {Thomas Neumann},
  title     = {Database Systems on Modern CPU Architectures - Chapter 3: Access Paths},
  year      = {2024},
  url       = {https://db.in.tum.de/teaching/ss24/moderndbs/chapter3.pdf?lang=en},
  urldate   = {2025-09-14}
}
@inproceedings{kemper2011hyper,
  title={HyPer: A hybrid OLTP\&OLAP main memory database system based on virtual memory snapshots},
  author={Kemper, Alfons and Neumann, Thomas},
  booktitle={2011 IEEE 27th International Conference on Data Engineering},
  pages={195--206},
  year={2011},
  organization={IEEE}
}
@article{haas2025ssd,
  title={SSD-iq: Uncovering the Hidden Side of SSD Performance},
  author={Haas, Gabriel and Lee, Bohyun and Bonnet, Philippe and Leis, Viktor},
  journal={Proceedings of the VLDB Endowment},
  volume={18},
  number={11},
  pages={4295--4308},
  year={2025},
  publisher={VLDB Endowment}
}
@online{rocksdb,
  author    = {Facebook RocksDB team},
  title     = {A Persistent Key-value Store for Fast Storage Environments},
  year      = {2021},
  url       = {https://rocksdb.org/},
  urldate   = {2025-09-15}
}
@article{chang2008bigtable,
  title={Bigtable: A Distributed Storage System for Structured Data},
  author={Chang, Fay and Dean, Jeffrey and Ghemawat, Sanjay and Hsieh, Wilson C and Wallach, Deborah A and Burrows, Mike and Chandra, Tushar and Fikes, Andrew and Gruber, Robert E},
  journal={ACM Transactions on Computer Systems (TOCS)},
  volume={26},
  number={2},
  pages={1--26},
  year={2008},
  publisher={ACM New York, NY, USA}
}
@online{gorrod2017wiredtiger,
  author    = {Alex Gorrod},
  title     = {Btree vs LSM},
  year      = {2017},
  url       = {https://github.com/wiredtiger/wiredtiger/wiki/Btree-vs-LSM},
  urldate   = {2025-09-15}
}
@inproceedings{sarkar2022lsmt,
  title={Dissecting, designing, and optimizing LSM-based data stores},
  author={Sarkar, Subhadeep and Athanassoulis, Manos},
  booktitle={Proceedings of the 2022 International Conference on Management of Data},
  pages={2489--2497},
  year={2022}
}
@inproceedings{zhong2021remix,
  title={REMIX: Efficient Range Query for LSM-trees},
  author={Zhong, Wenshao and Chen, Chen and Wu, Xingbo and Jiang, Song},
  booktitle={19th USENIX Conference on File and Storage Technologies (FAST 21)},
  pages={51--64},
  year={2021}
}
@inproceedings{brodal2003lower,
  title={Lower bounds for external memory dictionaries.},
  author={Brodal, Gerth St{\o}lting and Fagerberg, Rolf},
  booktitle={SODA},
  volume={3},
  pages={546--554},
  year={2003}
}
@article{bender2015epsilon,
  title={An Introduction to B\textsuperscript{$\epsilon$}-trees and Write-Optimization},
  author={Bender, Michael A and Farach-Colton, Martin and Jannen, William and Johnson, Rob and Kuszmaul, Bradley C and Porter, Donald E and Yuan, Jun and Zhan, Yang},
  journal={login; magazine},
  volume={40},
  number={5},
  year={2015}
}
@inproceedings{buchsbaum2000external,
  title={On external memory graph traversal.},
  author={Buchsbaum, Adam L and Goldwasser, Michael H and Venkatasubramanian, Suresh and Westbrook, Jeffery R},
  booktitle={SODA},
  pages={859--860},
  year={2000}
}
@inproceedings{graefe2004write,
  title={Write-optimized B-trees},
  author={Graefe, Goetz},
  booktitle={Proceedings of the Thirtieth international conference on Very large data bases-Volume 30},
  pages={672--683},
  year={2004}
}
@inproceedings{levandoski2013bw,
  title={The Bw-Tree: A B-tree for new hardware platforms},
  author={Levandoski, Justin J and Lomet, David B and Sengupta, Sudipta},
  booktitle={2013 IEEE 29th International Conference on Data Engineering (ICDE)},
  pages={302--313},
  year={2013},
  organization={IEEE}
}
@article{graefe2014memory,
  title={In-Memory Performance for Big Data},
  author={Graefe, Goetz and Volos, Haris and Kimura, Hideaki and Kuno, Harumi and Tucek, Joseph and Lillibridge, Mark and Veitch, Alistair},
  journal={Proceedings of the VLDB Endowment},
  volume={8},
  number={1},
  pages={37--48},
  year={2014},
  publisher={VLDB Endowment}
}
@inproceedings{qiao2022compression,
  title={Closing the b+-tree vs.$\{$LSM-tree$\}$ write amplification gap on modern storage hardware with built-in transparent compression},
  author={Qiao, Yifan and Chen, Xubin and Zheng, Ning and Li, Jiangpeng and Liu, Yang and Zhang, Tong},
  booktitle={20th USENIX Conference on File and Storage Technologies (FAST 22)},
  pages={69--82},
  year={2022}
}
@inproceedings{wang2018bwtree,
  title={Building a Bw-tree Takes More Than Just Buzz Words},
  author={Wang, Ziqi and Pavlo, Andrew and Lim, Hyeontaek and Leis, Viktor and Zhang, Huanchen and Kaminsky, Michael and Andersen, David G},
  booktitle={Proceedings of the 2018 International Conference on Management of Data},
  pages={473--488},
  year={2018}
}
@article{leis2019optimistic,
  title={Optimistic Lock Coupling: A Scalable and Efficient General-Purpose Synchronization Method.},
  author={Leis, Viktor and Haubenschild, Michael and Neumann, Thomas},
  journal={IEEE Data Eng. Bull.},
  volume={42},
  number={1},
  pages={73--84},
  year={2019}
}
@article{aggarwal1988complexity,
  title={The Input/Output Complexity of Sorting and Related Problems},
  author={Aggarwal, Alok and Vitter, Jeffrey, S},
  journal={Communications of the ACM},
  volume={31},
  number={9},
  pages={1116--1127},
  year={1988},
  publisher={ACM New York, NY, USA}
}
@article{kuszmaul2014fractal,
  title={A Comparison of Fractal Trees to Log-Structured Merge (LSM) Trees},
  author={Kuszmaul, Bradley C},
  journal={Tokutek White Paper},
  year={2014}
}








